<record><leader>00000cas a22000007a 4500</leader><controlfield tag="001">53128779</controlfield><controlfield tag="008">031002c20039999cauwn ne      0   a0eng c</controlfield><datafield ind1=" " ind2=" " tag="010"><subfield code="a">  2003213438</subfield></datafield><datafield ind1=" " ind2=" " tag="040"><subfield code="a">JQF</subfield><subfield code="b">eng</subfield><subfield code="c">JQF</subfield><subfield code="d">NSD</subfield><subfield code="d">HLS</subfield><subfield code="d">CLU</subfield><subfield code="d">OCLCQ</subfield><subfield code="d">OCLCF</subfield><subfield code="d">OCLCO</subfield><subfield code="d">OCL</subfield></datafield><datafield ind1=" " ind2=" " tag="012"><subfield code="m">y</subfield></datafield><datafield ind1="1" ind2=" " tag="022"><subfield code="a">1547-0733</subfield><subfield code="l">1547-0733</subfield><subfield code="y">1067-8883</subfield><subfield code="2">1</subfield></datafield><datafield ind1="1" ind2=" " tag="029"><subfield code="a">AU@</subfield><subfield code="b">000025039699</subfield></datafield><datafield ind1=" " ind2=" " tag="032"><subfield code="a">275100</subfield><subfield code="b">USPS</subfield></datafield><datafield ind1=" " ind2=" " tag="037"><subfield code="b">San Francisco Jewish Community Publications, Inc., 225 Bush Street, #1480, San Francisco, CA 94104-4281</subfield></datafield><datafield ind1=" " ind2=" " tag="042"><subfield code="a">nsdp</subfield><subfield code="a">pcc</subfield></datafield><datafield ind1=" " ind2=" " tag="043"><subfield code="a">n-us-ca</subfield></datafield><datafield ind1="1" ind2="0" tag="050"><subfield code="a">ISSN RECORD</subfield></datafield><datafield ind1="1" ind2="4" tag="050"><subfield code="a">AP92</subfield></datafield><datafield ind1=" " ind2="4" tag="222"><subfield code="a">The Jewish news weekly of Northern California</subfield></datafield><datafield ind1="0" ind2="4" tag="245"><subfield code="a">The Jewish news weekly of Northern California :</subfield><subfield code="b">J.</subfield></datafield><datafield ind1="3" ind2="0" tag="246"><subfield code="a">J</subfield></datafield><datafield ind1=" " ind2=" " tag="260"><subfield code="a">San Francisco, CA :</subfield><subfield code="b">San Francisco Jewish Community Publications,</subfield><subfield code="c">c2003-</subfield></datafield><datafield ind1=" " ind2=" " tag="300"><subfield code="a">v. :</subfield><subfield code="b">ill. ;</subfield><subfield code="c">33 cm.</subfield></datafield><datafield ind1=" " ind2=" " tag="310"><subfield code="a">Weekly (except first week in July and last week in Dec.)</subfield></datafield><datafield ind1="0" ind2=" " tag="362"><subfield code="a">Vol. 107, no. 37 (Sept. 19, 2003)-</subfield></datafield><datafield ind1=" " ind2=" " tag="515"><subfield code="a">Called also: J. 1-</subfield></datafield><datafield ind1=" " ind2=" " tag="515"><subfield code="a">Vol. 107, no. 43 repeats on issues for Oct. 31/Nov. 6 and Nov. 7/13, 2003.</subfield></datafield><datafield ind1=" " ind2="0" tag="650"><subfield code="a">Jewish newspapers</subfield><subfield code="z">California.</subfield></datafield><datafield ind1=" " ind2="0" tag="650"><subfield code="a">Jewish newspapers</subfield><subfield code="z">California, Northern.</subfield></datafield><datafield ind1=" " ind2="7" tag="650"><subfield code="a">Jewish newspapers.</subfield><subfield code="2">fast</subfield><subfield code="0">(OCoLC)fst00982872</subfield></datafield><datafield ind1=" " ind2="7" tag="651"><subfield code="a">California.</subfield><subfield code="2">fast</subfield><subfield code="0">(OCoLC)fst01204928</subfield></datafield><datafield ind1=" " ind2="7" tag="651"><subfield code="a">California, Northern.</subfield><subfield code="2">fast</subfield><subfield code="0">(OCoLC)fst01692637</subfield></datafield><datafield ind1=" " ind2=" " tag="752"><subfield code="a">United States</subfield><subfield code="b">California</subfield><subfield code="c">San Francisco</subfield><subfield code="d">San Francisco.</subfield></datafield><datafield ind1="0" ind2="0" tag="780"><subfield code="t">Jewish bulletin of Northern California</subfield><subfield code="x">1067-8883</subfield><subfield code="w">(DLC)sn 93005910</subfield><subfield code="w">(OCoLC)27367276</subfield></datafield></record>